@Booklet{ ecma:json:2017,
  title =        {{ECMA-404}:The {JSON} data interchange syntax} ,
  howpublished = {Online: \url{https://www.ecma-international.org/publications-and-standards/standards/ecma-404/}.},
  edition = {2nd},
  month =     dec,
  year =      2017,
}

@Misc{ietf:rfc8259-json:2017,
  issn = {2070-1721},
  title =     {The JavaScript Object Notation (JSON) Data Interchange Format},
  howpublished = {Online: \url{https://datatracker.ietf.org/doc/html/rfc8259}.},
  month =     dec,
  year =      2017,
  editor = {T. Bray},
}


